@article{Agashe:2014kda,
      author         = "Olive, K. A. and others",
      title          = "{Review of Particle Physics}",
      collaboration  = "Particle Data Group",
      journal        = "Chin. Phys.",
      volume         = "C38",
      year           = "2014",
      pages          = "090001",
      doi            = "10.1088/1674-1137/38/9/090001",
      SLACcitation   = "%%CITATION = CHPHD,C38,090001;%%"
}

@article{deisenroth2015distributed,
  title={Distributed gaussian processes},
  author={Deisenroth, Marc Peter and Ng, Jun Wei},
  journal={arXiv preprint arXiv:1502.02843},
  year={2015}
}

@book{rasmussen2006gaussian,
  title={Gaussian processes for machine learning},
  author={Rasmussen, Carl Edward and Williams, Christopher KI},
  volume={1},
  year={2006},
  publisher={MIT press Cambridge}
}

@book{sivia2006data,
  title={Data analysis: a Bayesian tutorial},
  author={Sivia, Devinderjit and Skilling, John},
  year={2006},
  publisher={OUP Oxford}
}

@book{weinberg_1995, place={Cambridge}, title={The Quantum Theory of Fields}, volume={1}, DOI={10.1017/CBO9781139644167}, publisher={Cambridge University Press}, author={Weinberg, Steven}, year={1995}}

@article{Patrignani:2016xqp,
      author         = "Patrignani, C. and others",
      title          = "{Review of Particle Physics}",
      collaboration  = "Particle Data Group",
      journal        = "Chin. Phys.",
      volume         = "C40",
      year           = "2016",
      number         = "10",
      pages          = "100001",
      doi            = "10.1088/1674-1137/40/10/100001",
      SLACcitation   = "%%CITATION = CHPHD,C40,100001;%%"
}

@article{batzing2017lecture,
  title={Lecture notes for FYS5190/FYS9190},
  author={Batzing, Paul and Raklev, Are},
  year={2017}
}

@article{kvellestad2015chasing,
  title={Chasing SUSY Through Parameter Space},
  author={Kvellestad, Anders},
  year={2015}}

