@article{beenakker1996prospino,
  title={PROSPINO: a program for the production of supersymmetric particles in next-to-leading order QCD},
  author={Beenakker, Wim and H{\"o}pker, R and Spira, M},
  journal={arXiv preprint hep-ph/9611232},
  year={1996}
}

@article{PETERLEPAGE1978192,
title = "A new algorithm for adaptive multidimensional integration",
journal = "Journal of Computational Physics",
volume = "27",
number = "2",
pages = "192 - 203",
year = "1978",
issn = "0021-9991",
doi = "https://doi.org/10.1016/0021-9991(78)90004-9",
url = "http://www.sciencedirect.com/science/article/pii/0021999178900049",
author = "G Peter Lepage"
}
@article{Agashe:2014kda,
      author         = "Olive, K. A. and others",
      title          = "{Review of Particle Physics}",
      collaboration  = "Particle Data Group",
      journal        = "Chin. Phys.",
      volume         = "C38",
      year           = "2014",
      pages          = "090001",
      doi            = "10.1088/1674-1137/38/9/090001",
      SLACcitation   = "%%CITATION = CHPHD,C38,090001;%%"
}

@article{deisenroth2015distributed,
  title={Distributed gaussian processes},
  author={Deisenroth, Marc Peter and Ng, Jun Wei},
  journal={arXiv preprint arXiv:1502.02843},
  year={2015}
}

@article{beenakker1997squark,
  title={Squark and gluino production at hadron colliders},
  author={Beenakker, Wim and H{\"o}pker, R and Spira, Michael and Zerwas, PM},
  journal={Nuclear Physics B},
  volume={492},
  number={1-2},
  pages={51--103},
  year={1997},
  publisher={Elsevier}
}

@book{rasmussen2006gaussian,
  title={Gaussian processes for machine learning},
  author={Rasmussen, Carl Edward and Williams, Christopher KI},
  volume={1},
  year={2006},
  publisher={MIT press Cambridge}
}

@book{sivia2006data,
  title={Data analysis: a Bayesian tutorial},
  author={Sivia, Devinderjit and Skilling, John},
  year={2006},
  publisher={OUP Oxford}
}

@book{weinberg_1995, place={Cambridge}, title={The Quantum Theory of Fields}, volume={1}, DOI={10.1017/CBO9781139644167}, publisher={Cambridge University Press}, author={Weinberg, Steven}, year={1995}}

@article{Patrignani:2016xqp,
      author         = "Patrignani, C. and others",
      title          = "{Review of Particle Physics}",
      collaboration  = "Particle Data Group",
      journal        = "Chin. Phys.",
      volume         = "C40",
      year           = "2016",
      number         = "10",
      pages          = "100001",
      doi            = "10.1088/1674-1137/40/10/100001",
      SLACcitation   = "%%CITATION = CHPHD,C40,100001;%%"
}

@Inbook{Balerna2015,
author="Balerna, Antonella
and Mobilio, Settimio",
editor="Mobilio, Settimio
and Boscherini, Federico
and Meneghini, Carlo",
title="Introduction to Synchrotron Radiation",
bookTitle="Synchrotron Radiation: Basics, Methods and Applications",
year="2015",
publisher="Springer Berlin Heidelberg",
address="Berlin, Heidelberg",
pages="3--28",
abstract="Relativistic charged particles forced to move along curved trajectories by applied magnetic fields emit electromagnetic radiation called Synchrotron Radiation; today electron storage rings are routinely used to provide synchrotron radiation to users in a wide spectral range from infrared to hard X-rays. Thanks to its peculiar characteristics, synchrotron radiation is one of the more powerful tools for investigating the properties of matter in many different fields like molecular and atomic physics, cell biology, medical applications, nanotechnology, catalysis and cultural heritage. Up to now three generations of synchrotron radiation sources emitting radiation with increasing quality have been developed; the fourth generation, based on free-electron lasers, already produces high power and ultrafast pulses of highly coherent radiation. In the present contribution, the main characteristics and properties of the synchrotron radiation sources and of the produced radiation are introduced and explained using a simple approach.",
isbn="978-3-642-55315-8",
doi="10.1007/978-3-642-55315-8_1",
url="https://doi.org/10.1007/978-3-642-55315-8_1"
}

@article{PhysRevD.78.013004,
  title = {Implications of CTEQ global analysis for collider observables},
  author = {Nadolsky, Pavel M. and Lai, Hung-Liang and Cao, Qing-Hong and Huston, Joey and Pumplin, Jon and Stump, Daniel and Tung, Wu-Ki and Yuan, C.-P.},
  journal = {Phys. Rev. D},
  volume = {78},
  issue = {1},
  pages = {013004},
  numpages = {21},
  year = {2008},
  month = {Jul},
  publisher = {American Physical Society},
  doi = {10.1103/PhysRevD.78.013004},
  url = {https://link.aps.org/doi/10.1103/PhysRevD.78.013004}
}



@article{batzing2017lecture,
  title={Lecture notes for FYS5190/FYS9190},
  author={Batzing, Paul and Raklev, Are},
  year={2017}
}

@article{kvellestad2015chasing,
  title={Chasing SUSY Through Parameter Space},
  author={Kvellestad, Anders},
  year={2015}}

