@article{Agashe:2014kda,
      author         = "Olive, K. A. and others",
      title          = "{Review of Particle Physics}",
      collaboration  = "Particle Data Group",
      journal        = "Chin. Phys.",
      volume         = "C38",
      year           = "2014",
      pages          = "090001",
      doi            = "10.1088/1674-1137/38/9/090001",
      SLACcitation   = "%%CITATION = CHPHD,C38,090001;%%"
}

@incollection{martin2010supersymmetry,
  title={A supersymmetry primer},
  author={Martin, Stephen P},
  booktitle={Perspectives on supersymmetry II},
  pages={1--153},
  year={2010},
  publisher={World Scientific}
}

@article{skands2004susy,
  title={SUSY Les Houches accord: Interfacing SUSY spectrum calculators, decay packages, and event generators},
  author={Skands, Peter and Allanach, Benjamin C and Baer, Howard and Bal{\'a}zs, Csaba and B{\'e}langer, Genevieve and Boudjema, Fawzi and Djouadi, Abdelhak and Godbole, Rohini and Guasch, Jaume and Heinemeyer, Sven and others},
  journal={Journal of High Energy Physics},
  volume={2004},
  number={07},
  pages={036},
  year={2004},
  publisher={IOP Publishing}
}


@article{deisenroth2015distributed,
  title={Distributed gaussian processes},
  author={Deisenroth, Marc Peter and Ng, Jun Wei},
  journal={arXiv preprint arXiv:1502.02843},
  year={2015}
}

@article{tresp2000bayesian,
  title={A Bayesian committee machine},
  author={Tresp, Volker},
  journal={Neural computation},
  volume={12},
  number={11},
  pages={2719--2741},
  year={2000},
  publisher={MIT Press}
}


@book{rasmussen2006gaussian,
  title={Gaussian processes for machine learning},
  author={Rasmussen, Carl Edward and Williams, Christopher KI},
  volume={1},
  year={2006},
  publisher={MIT press Cambridge}
}

@article{mr1763essay,
  title={An essay towards solving a problem in the doctrine of chances. by the late rev. mr. bayes, frs communicated by mr. price, in a letter to john canton, amfrs},
  author={Mr. Bayes and Price, Mr},
  journal={Philosophical Transactions (1683-1775)},
  pages={370--418},
  year={1763},
  publisher={JSTOR}
}

@article{beenakker1997squark,
  title={Squark and gluino production at hadron colliders},
  author={Beenakker, Wim and H{\"o}pker, R and Spira, Michael and Zerwas, PM},
  journal={Nuclear Physics B},
  volume={492},
  number={1-2},
  pages={51--103},
  year={1997},
  publisher={Elsevier}
}

@article{beenakker2011squark,
  title={Squark and gluino hadroproduction},
  author={Beenakker, Wim and Brensing, Silja and Kr{\"a}mer, Michael and Kulesza, Anna and Laenen, Eric and Motyka, Leszek and Niessen, Irene},
  journal={International Journal of Modern Physics A},
  volume={26},
  number={16},
  pages={2637--2664},
  year={2011},
  publisher={World Scientific}
}



@book{sivia2006data,
  title={Data analysis: a Bayesian tutorial},
  author={Sivia, Devinderjit and Skilling, John},
  year={2006},
  publisher={OUP Oxford}
}


@book{weinberg_1995, place={Cambridge}, title={The Quantum Theory of Fields}, volume={1}, DOI={10.1017/CBO9781139644167}, publisher={Cambridge University Press}, author={Weinberg, Steven}, year={1995}}

@article{Patrignani:2016xqp,
      author         = "Patrignani, C. and others",
      title          = "{Review of Particle Physics}",
      collaboration  = "Particle Data Group",
      journal        = "Chin. Phys.",
      volume         = "C40",
      year           = "2016",
      number         = "10",
      pages          = "100001",
      doi            = "10.1088/1674-1137/40/10/100001",
      SLACcitation   = "%%CITATION = CHPHD,C40,100001;%%"
}

@article{batzing2017lecture,
  title={Lecture notes for FYS5190/FYS9190},
  author={Batzing, Paul and Raklev, Are},
  year={2017}
}

@article{beenakker1996prospino,
  title={PROSPINO: a program for the production of supersymmetric particles in next-to-leading order QCD},
  author={Beenakker, Wim and H{\"o}pker, R and Spira, M},
  journal={arXiv preprint hep-ph/9611232},
  year={1996}
}

@book{laplace1820theorie,
  title={Th{\'e}orie analytique des probabilit{\'e}s},
  author={Laplace, Pierre Simon},
  year={1820},
  publisher={Courcier}
}

@article{beenakker2016nlo+,
  title={NLO+ NLL squark and gluino production cross sections with threshold-improved parton distributions},
  author={Beenakker, Wim and Borschensky, Christoph and Kr{\"a}mer, Michael and Kulesza, Anna and Laenen, Eric and Marzani, Simone and Rojo, Juan},
  journal={The European Physical Journal C},
  volume={76},
  number={2},
  pages={53},
  year={2016},
  publisher={Springer}
}

@article{aaboud2016search,
  title={Search for squarks and gluinos in final states with jets and missing transverse momentum at $ $$\backslash$sqrt $\{$s$\}$ $ $ s= 13$ $$\{$$\backslash$mathrm $\{$TeV$\}$$\}$ $ $ TeVwith the ATLAS detector},
  author={Aaboud, Morad and Aad, G and Abbott, B and Abdallah, J and Abdinov, O and Abeloos, B and Aben, R and AbouZeid, OS and Abraham, NL and Abramowicz, H and others},
  journal={The European Physical Journal C},
  volume={76},
  number={7},
  pages={392},
  year={2016},
  publisher={Springer}
}

@article{PETERLEPAGE1978192,
title = "A new algorithm for adaptive multidimensional integration",
journal = "Journal of Computational Physics",
volume = "27",
number = "2",
pages = "192 - 203",
year = "1978",
issn = "0021-9991",
doi = "https://doi.org/10.1016/0021-9991(78)90004-9",
url = "http://www.sciencedirect.com/science/article/pii/0021999178900049",
author = "G Peter Lepage"
}

@article{Patrignani:2016xqp,
      author         = "Patrignani, C. and others",
      title          = "{Review of Particle Physics}",
      collaboration  = "Particle Data Group",
      journal        = "Chin. Phys.",
      volume         = "C40",
      year           = "2016",
      number         = "10",
      pages          = "100001",
      doi            = "10.1088/1674-1137/40/10/100001",
      SLACcitation   = "%%CITATION = CHPHD,C40,100001;%%"
}

@incollection{Balerna2015,
  title={Introduction to synchrotron radiation},
  author={Balerna, Antonella and Mobilio, Settimio},
  booktitle={Synchrotron radiation},
  pages={3--28},
  year={2015},
  publisher={Springer}
}

@article{PhysRevD.78.013004,
  title = {Implications of CTEQ global analysis for collider observables},
  author = {Nadolsky, Pavel M. and Lai, Hung-Liang and Cao, Qing-Hong and Huston, Joey and Pumplin, Jon and Stump, Daniel and Tung, Wu-Ki and Yuan, C.-P.},
  journal = {Phys. Rev. D},
  volume = {78},
  issue = {1},
  pages = {013004},
  numpages = {21},
  year = {2008},
  month = {Jul},
  publisher = {American Physical Society},
  doi = {10.1103/PhysRevD.78.013004},
  url = {https://link.aps.org/doi/10.1103/PhysRevD.78.013004}
}


@misc{steininterpolation,
  title={Interpolation of spatial data: some theory for kriging. 1999},
  author={Stein, ML},
  publisher={Springer--Verlag New York}
}


@article{kulesza2009threshold,
  title={Threshold resummation for squark-antisquark and gluino-pair production at the LHC},
  author={Kulesza, Anna and Motyka, Leszek},
  journal={Physical review letters},
  volume={102},
  number={11},
  pages={111802},
  year={2009},
  publisher={APS}
}

@article{kulesza2009soft,
  title={Soft gluon resummation for the production of gluino-gluino and squark-antisquark pairs at the LHC},
  author={Kulesza, Anna and Motyka, Leszek},
  journal={Physical Review D},
  volume={80},
  number={9},
  pages={095004},
  year={2009},
  publisher={APS}
}

@book{ellis2003qcd,
  title={QCD and collider physics},
  author={Ellis, R Keith and Stirling, W James and Webber, Bryan R},
  year={2003},
  publisher={Cambridge university press}
}


@article{beenakker2009soft,
  title={Soft-gluon resummation for squark and gluino hadroproduction},
  author={Beenakker, Wim and Brensing, Silja and Kr{\"a}mer, Michael and Kulesza, Anna and Laenen, Eric and Niessen, Irene},
  journal={Journal of High Energy Physics},
  volume={2009},
  number={12},
  pages={041},
  year={2009},
  publisher={IOP Publishing}
}

@article{balazs2017colliderbit,
  title={ColliderBit: a GAMBIT module for the calculation of high-energy collider observables and likelihoods},
  author={Bal{\'a}zs, Csaba and Buckley, Andy and Dal, Lars A and Farmer, Ben and Jackson, Paul and Krislock, Abram and Kvellestad, Anders and Murnane, Daniel and Putze, Antje and Raklev, Are and others},
  journal={The European Physical Journal C},
  volume={77},
  number={11},
  pages={795},
  year={2017},
  publisher={Springer}
}

@article{Martin:2009iq,
      author         = "Martin, A. D. and Stirling, W. J. and Thorne, R. S. and
                        Watt, G.",
      title          = "{Parton distributions for the LHC}",
      journal        = "Eur. Phys. J.",
      volume         = "C63",
      year           = "2009",
      pages          = "189-285",
      doi            = "10.1140/epjc/s10052-009-1072-5",
      eprint         = "0901.0002",
      archivePrefix  = "arXiv",
      primaryClass   = "hep-ph",
      reportNumber   = "IPPP-08-95, DCPT-08-190, CAVENDISH-HEP-08-16",
      SLACcitation   = "%%CITATION = ARXIV:0901.0002;%%"
}

@article{scikit-learn,
 title={Scikit-learn: Machine Learning in {P}ython},
 author={Pedregosa, F. and Varoquaux, G. and Gramfort, A. and Michel, V.
         and Thirion, B. and Grisel, O. and Blondel, M. and Prettenhofer, P.
         and Weiss, R. and Dubourg, V. and Vanderplas, J. and Passos, A. and
         Cournapeau, D. and Brucher, M. and Perrot, M. and Duchesnay, E.},
 journal={Journal of Machine Learning Research},
 volume={12},
 pages={2825--2830},
 year={2011}
}

@article{ALLANACH2002305,
title = "SOFTSUSY: A program for calculating supersymmetric spectra",
journal = "Computer Physics Communications",
volume = "143",
number = "3",
pages = "305 - 331",
year = "2002",
issn = "0010-4655",
doi = "https://doi.org/10.1016/S0010-4655(01)00460-X",
url = "http://www.sciencedirect.com/science/article/pii/S001046550100460X",
author = "B.C. Allanach"
}

@book{abramowitz1964handbook,
  title={Handbook of mathematical functions: with formulas, graphs, and mathematical tables},
  author={Abramowitz, Milton and Stegun, Irene A},
  volume={55},
  year={1964},
  publisher={Courier Corporation}
}

@article{sparre2018fast,
  title={Fast Evaluation of Supersymmetric Cross Sections},
  author={Sparre, Jon Vegard},
  year={2015}}

@article{PETERLEPAGE1978192,
title = "A new algorithm for adaptive multidimensional integration",
journal = "Journal of Computational Physics",
volume = "27",
number = "2",
pages = "192 - 203",
year = "1978",
issn = "0021-9991",
doi = "https://doi.org/10.1016/0021-9991(78)90004-9",
url = "http://www.sciencedirect.com/science/article/pii/0021999178900049",
author = "G Peter Lepage"
}


@article{kvellestad2015chasing,
  title={Chasing SUSY Through Parameter Space},
  author={Kvellestad, Anders},
  year={2015}
}
